@article{nygaard2019whole,
  title={Whole-exome sequencing of an exceptional longevity cohort},
  author={Nygaard, Haakon B and Erson-Omay, E Zeynep and Wu, Xiujuan and Kent, Brianne A and Bernales, Cecily Q and Evans, Daniel M and Farrer, Matthew J and Vilari{\~n}o-G{\"u}ell, Carles and Strittmatter, Stephen M},
  journal={The Journals of Gerontology: Series A},
  volume={74},
  number={9},
  pages={1386--1390},
  year={2019},
  publisher={Oxford University Press US}
}

@article{joshi2017genome,
  title={Genome-wide meta-analysis associates HLA-DQA1/DRB1 and LPA and lifestyle factors with human longevity},
  author={Joshi, Peter K and Pirastu, Nicola and Kentistou, Katherine A and Fischer, Krista and Hofer, Edith and Schraut, Katharina E and Clark, David W and Nutile, Teresa and Barnes, Catriona LK and Timmers, Paul RHJ and others},
  journal={Nature communications},
  volume={8},
  number={1},
  pages={910},
  year={2017},
  publisher={Nature Publishing Group UK London}
}

@article{brandt2015mapping,
  title={Mapping bias overestimates reference allele frequencies at the HLA genes in the 1000 genomes project phase I data},
  author={Brandt, D{\'e}bora YC and Aguiar, Vitor RC and Bitarello, B{\'a}rbara D and Nunes, Kelly and Goudet, J{\'e}r{\^o}me and Meyer, Diogo},
  journal={G3: Genes, Genomes, Genetics},
  volume={5},
  number={5},
  pages={931--941},
  year={2015},
  publisher={Oxford University Press}
}
@article{obergasteiger2017cadps2,
  title={CADPS2 gene expression is oppositely regulated by LRRK2 and alpha-synuclein},
  author={Obergasteiger, Julia and {\"U}berbacher, Christa and Pramstaller, Peter P and Hicks, Andrew A and Corti, Corrado and Volta, Mattia},
  journal={Biochemical and biophysical research communications},
  volume={490},
  number={3},
  pages={876--881},
  year={2017},
  publisher={Elsevier}
}

@article{li2015mitochondrial,
  title={Mitochondrial genomes and exceptional longevity in a Chinese population: the Rugao longevity study},
  author={Li, Lei and Zheng, Hong-Xiang and Liu, Zuyun and Qin, Zhendong and Chen, Fei and Qian, Degui and Xu, Jun and Jin, Li and Wang, Xiaofeng},
  journal={Age},
  volume={37},
  pages={1--10},
  year={2015},
  publisher={Springer}
}

@article{aenlle2010aging,
  title={Aging alters the expression of genes for neuroprotection and synaptic function following acute estradiol treatment},
  author={Aenlle, Kristina K and Foster, Thomas C},
  journal={Hippocampus},
  volume={20},
  number={9},
  pages={1047--1060},
  year={2010},
  publisher={Wiley Online Library}
}

@article{garagnani2021whole,
  title={Whole-genome sequencing analysis of semi-supercentenarians},
  author={Garagnani, Paolo and Marquis, Julien and Delledonne, Massimo and Pirazzini, Chiara and Marasco, Elena and Kwiatkowska, Katarzyna Malgorzata and Iannuzzi, Vincenzo and Bacalini, Maria Giulia and Valsesia, Armand and Carayol, Jerome and others},
  journal={Elife},
  volume={10},
  pages={e57849},
  year={2021},
  publisher={eLife Sciences Publications, Ltd}
}
@article{silhol2005age,
  title={Age-related changes in brain-derived neurotrophic factor and tyrosine kinase receptor isoforms in the hippocampus and hypothalamus in male rats},
  author={Silhol, M and Bonnichon, V and Rage, F and Tapia-Arancibia, L},
  journal={Neuroscience},
  volume={132},
  number={3},
  pages={613--624},
  year={2005},
  publisher={Elsevier}
}
@article{bahls2019brain,
  title={Brain-derived neurotrophic factor is related with adverse cardiac remodeling and high NTproBNP},
  author={Bahls, Martin and K{\"o}nemann, Stephanie and Markus, Marcello RP and Wenzel, Kristin and Friedrich, Nele and Nauck, Matthias and V{\"o}lzke, Henry and Steveling, Antje and Janowitz, Deborah and Grabe, Hans-J{\"o}rgen and others},
  journal={Scientific reports},
  volume={9},
  number={1},
  pages={15421},
  year={2019},
  publisher={Nature Publishing Group UK London}
}
@article{cai2006bdnf,
  title={BDNF-mediated enhancement of inflammation and injury in the aging heart},
  author={Cai, Dongqing and Holm, Jacquelyne M and Duignan, Inga J and Zheng, Jingang and Xaymardan, Munira and Chin, Andrew and Ballard, Victoria LT and Bella, Jonathan N and Edelberg, Jay M},
  journal={Physiological genomics},
  volume={24},
  number={3},
  pages={191--197},
  year={2006},
  publisher={American Physiological Society}
}

@article{beekman2010genome,
  title={Genome-wide association study (GWAS)-identified disease risk alleles do not compromise human longevity},
  author={Beekman, Marian and Nederstigt, Christa and Suchiman, H Eka D and Kremer, Dennis and van der Breggen, Ruud and Lakenberg, Nico and Alemayehu, Wendimagegn Ghidey and de Craen, Anton JM and Westendorp, Rudi GJ and Boomsma, Dorret I and others},
  journal={Proceedings of the National Academy of Sciences},
  volume={107},
  number={42},
  pages={18046--18049},
  year={2010},
  publisher={National Acad Sciences}
}

@article{brooks2013genetics,
  title={Genetics of healthy aging and longevity},
  author={Brooks-Wilson, Angela R},
  journal={Human genetics},
  volume={132},
  pages={1323--1338},
  year={2013},
  publisher={Springer}
}
@misc{dato2019untangling,
  title={Untangling the genetics of human longevityâ€”a challenging quest},
  author={Dato, Serena and Soerensen, Mette and Rose, Giuseppina},
  journal={Genes},
  volume={10},
  number={8},
  pages={585},
  year={2019},
  publisher={MDPI}
}

@article{druley2016candidate,
  title={Candidate gene resequencing to identify rare, pedigree-specific variants influencing healthy aging phenotypes in the long life family study},
  author={Druley, Todd E and Wang, Lihua and Lin, Shiow J and Lee, Joseph H and Zhang, Qunyuan and Daw, E Warwick and Abel, Haley J and Chasnoff, Sara E and Ramos, Enrique I and Levinson, Benjamin T and others},
  journal={BMC geriatrics},
  volume={16},
  pages={1--12},
  year={2016},
  publisher={Springer}
}

@article{mcewen2017differential,
  title={Differential DNA methylation and lymphocyte proportions in a Costa Rican high longevity region},
  author={McEwen, Lisa M and Morin, Alexander M and Edgar, Rachel D and MacIsaac, Julia L and Jones, Meaghan J and Dow, William H and Rosero-Bixby, Luis and Kobor, Michael S and Rehkopf, David H},
  journal={Epigenetics \& Chromatin},
  volume={10},
  pages={1--14},
  year={2017},
  publisher={Springer}
}

@article{sebastiani2012whole,
  title={Whole genome sequences of a male and female supercentenarian, ages greater than 114 years},
  author={Sebastiani, Paola and Riva, Alberto and Montano, Monty and Pham, Phillip and Torkamani, Ali and Scherba, Eugene and Benson, Gary and Milton, Jacqueline N and Baldwin, Clinton T and Andersen, Stacy and others},
  journal={Frontiers in genetics},
  volume={2},
  pages={90},
  year={2012},
  publisher={Frontiers Research Foundation}
}


@article{rajabli2023strategies,
  title={Strategies in Aggregation Tests for Rare Variants},
  author={Rajabli, Farid and Kunkle, Brian W},
  journal={Current protocols},
  volume={3},
  number={11},
  pages={e931},
  year={2023},
  publisher={Wiley Online Library}
}

@article{sebastiani2012genetics,
  title={The genetics of extreme longevity: lessons from the new England centenarian study},
  author={Sebastiani, Paola and Perls, Thomas T},
  journal={Frontiers in genetics},
  volume={3},
  pages={277},
  year={2012},
  publisher={Frontiers Media SA}
}

@article{smulders2024genetics,
  title={Genetics of human longevity: From variants to genes to pathways},
  author={Smulders, Larissa and Deelen, Joris},
  journal={Journal of Internal Medicine},
  volume={295},
  number={4},
  pages={416--435},
  year={2024}
}



@article{michailidou2018meta,
  title={Meta-analysis of common and rare variants},
  author={Michailidou, Kyriaki},
  journal={Genetic Epidemiology: Methods and Protocols},
  pages={73--88},
  year={2018},
  publisher={Springer}
}

@article{li2022integrating,
  title={Integrating external controls in case--control studies improves power for rare-variant tests},
  author={Li, Yatong and Lee, Seunggeun},
  journal={Genetic epidemiology},
  volume={46},
  number={3-4},
  pages={145--158},
  year={2022},
  publisher={Wiley Online Library}
}

@article{greaves2009mitochondrial,
  title={Mitochondrial DNA mutations and ageing},
  author={Greaves, Laura C and Turnbull, Doug M},
  journal={Biochimica et Biophysica Acta (BBA)-General Subjects},
  volume={1790},
  number={10},
  pages={1015--1020},
  year={2009},
  publisher={Elsevier}
}

@article{ma2020mitochondria,
  title={Mitochondria-related miR-574 reduces sperm ATP by targeting ND5 in aging males},
  author={Ma, Jinzhao and Chen, Qiwei and Wang, Shuxian and Ma, Rujun and Jing, Jun and Yang, Yang and Feng, Yuming and Zou, Zhichuan and Zhang, Yu and Ge, Xie and others},
  journal={Aging (Albany NY)},
  volume={12},
  number={9},
  pages={8321},
  year={2020},
  publisher={Impact Journals, LLC}
}

@article{hastings2017nab2,
  title={Nab2 maintains thymus cellularity with aging and stress},
  author={Hastings, K Taraszka and Elizalde, Diana and Muppana, Leela and Levine, Sarah and Kamel, Christy M and Ingram, Wendy M and Kirkpatrick, Jennifer T and Hu, Chengcheng and Rausch, Matthew P and Gallitano, Amelia L},
  journal={Molecular immunology},
  volume={85},
  pages={185--195},
  year={2017},
  publisher={Elsevier}
}

@article{oberson2018nab2,
  title={NAB2 is a novel immune stimulator of MDA-5 that promotes a strong type I interferon response},
  author={Oberson, Anne and Spagnuolo, Lorenzo and Puddinu, Viola and Barchet, Winfried and Rittner, Karola and Bourquin, Carole},
  journal={Oncotarget},
  volume={9},
  number={5},
  pages={5641},
  year={2018},
  publisher={Impact Journals, LLC}
}

@article{wolkers2012nab2,
  title={Nab2 regulates secondary CD8+ T-cell responses through control of TRAIL expression},
  author={Wolkers, Monika C and Gerlach, Carmen and Arens, Ramon and Janssen, Edith M and Fitzgerald, Patrick and Schumacher, Ton N and Medema, Jan Paul and Green, Douglas R and Schoenberger, Stephen P},
  journal={Blood, The Journal of the American Society of Hematology},
  volume={119},
  number={3},
  pages={798--804},
  year={2012},
  publisher={American Society of Hematology Washington, DC}
}

@article{koch2020exploring,
  title={Exploring human genomic diversity with gnomAD},
  author={Koch, Linda},
  journal={Nature Reviews Genetics},
  volume={21},
  number={8},
  pages={448--448},
  year={2020},
  publisher={Nature Publishing Group UK London}
}
@article{bloxham2020bitter,
  title={A bitter taste in your heart},
  author={Bloxham, Conor J and Foster, Simon R and Thomas, Walter G},
  journal={Frontiers in Physiology},
  volume={11},
  pages={536822},
  year={2020},
  publisher={Frontiers}
}


@article{lio2003association,
  title={Association between the HLA-DR alleles and longevity: a study in Sardinian population},
  author={Lio, Domenico and Pes, Giovanni Mario and Carru, Ciriaco and List{\i}, Florinda and Ferlazzo, Viviana and Candore, Giuseppina and Colonna-Romano, Giuseppina and Ferrucci, Luigi and Deiana, Luca and Baggio, Giovannella and others},
  journal={Experimental gerontology},
  volume={38},
  number={3},
  pages={313--318},
  year={2003},
  publisher={Elsevier}
}

@article{ivanova1998hla,
  title={HLA-DR alleles display sex-dependent effects on survival and discriminate between individual and familial longevity},
  author={Ivanova, Rayna and H{\'e}non, Nicolas and Lepage, Virginia and Charron, Dominique and Vicaut, Eric and Sch{\"a}chter, Fran{\c{c}}ois},
  journal={Human Molecular Genetics},
  volume={7},
  number={2},
  pages={187--194},
  year={1998},
  publisher={Oxford University Press}
}

@article{gierman2014whole,
  title={Whole-genome sequencing of the worldâ€™s oldest people},
  author={Gierman, Hinco J and Fortney, Kristen and Roach, Jared C and Coles, Natalie S and Li, Hong and Glusman, Gustavo and Markov, Glenn J and Smith, Justin D and Hood, Leroy and Coles, L Stephen and others},
  journal={PloS one},
  volume={9},
  number={11},
  pages={e112430},
  year={2014},
  publisher={Public Library of Science San Francisco, USA}
}

@article{,
  title={Whole-exome sequencing of an exceptional longevity cohort},
  author={Nygaard, Haakon B and Erson-Omay, E Zeynep and Wu, Xiujuan and Kent, Brianne A and Bernales, Cecily Q and Evans, Daniel M and Farrer, Matthew J and Vilari{\~n}o-G{\"u}ell, Carles and Strittmatter, Stephen M},
  journal={The Journals of Gerontology: Series A},
  volume={74},
  number={9},
  pages={1386--1390},
  year={2019},
  publisher={Oxford University Press US}
}

@article{bloxham2024cardiac,
  title={Cardiac human bitter taste receptors contain naturally occurring variants that alter function},
  author={Bloxham, Conor J and Hulme, Katina D and Fierro, Fabrizio and Fercher, Christian and Pegg, Cassandra L and O'Brien, Shannon L and Foster, Simon R and Short, Kirsty R and Furness, Sebastian GB and Reichelt, Melissa E and others},
  journal={Biochemical Pharmacology},
  volume={219},
  pages={115932},
  year={2024},
  publisher={Elsevier}
}

@article{10002015global,
  title={A global reference for human genetic variation},
  author={1000 Genomes Project Consortium Corresponding authors Auton Adam adam. auton@ gmail. com 1 b Abecasis Gon{\c{c}}alo R. goncalo@ umich. edu 2 c and Production group Baylor College of Medicine Gibbs Richard A.(Principal Investigator) 14 Boerwinkle Eric 14 Doddapaneni Harsha 14 Han Yi 14 Korchina Viktoriya 14 Kovar Christie 14 Lee Sandra 14 Muzny Donna 14 Reid Jeffrey G. 14 Zhu Yiming 14 and Broad Institute of MIT and Harvard Lander Eric S.(Principal Investigator) 13 Altshuler David M. 3 Gabriel Stacey B.(Co-Chair) 13 Gupta Namrata 13 and Coriell Institute for Medical Research Gharani Neda 31 Toji Lorraine H. 31 Gerry Norman P. 31 Resch Alissa M. 31 and Illumina Bentley David R.(Principal Investigator) 5 Grocock Russell 5 Humphray Sean 5 James Terena 5 Kingsbury Zoya 5 and McDonnell Genome Institute at Washington University Mardis Elaine R.(Co-Principal Investigator)(Co-Chair) 22 Wilson Richard K.(Co-Principal Investigator) 22 Fulton Lucinda 22 Fulton Robert 22 and others},
  journal={Nature},
  volume={526},
  number={7571},
  pages={68--74},
  year={2015},
  publisher={Nature Publishing Group UK London}
}

@article{mclaren2016ensembl,
  title={The ensembl variant effect predictor},
  author={McLaren, William and Gil, Laurent and Hunt, Sarah E and Riat, Harpreet Singh and Ritchie, Graham RS and Thormann, Anja and Flicek, Paul and Cunningham, Fiona},
  journal={Genome biology},
  volume={17},
  pages={1--14},
  year={2016},
  publisher={Springer}
}

@article{wang2010annovar,
  title={ANNOVAR: functional annotation of genetic variants from high-throughput sequencing data},
  author={Wang, Kai and Li, Mingyao and Hakonarson, Hakon},
  journal={Nucleic acids research},
  volume={38},
  number={16},
  pages={e164--e164},
  year={2010},
  publisher={Oxford University Press}
}

@article{mckenna2010genome,
  title={The Genome Analysis Toolkit: a MapReduce framework for analyzing next-generation DNA sequencing data},
  author={McKenna, Aaron and Hanna, Matthew and Banks, Eric and Sivachenko, Andrey and Cibulskis, Kristian and Kernytsky, Andrew and Garimella, Kiran and Altshuler, David and Gabriel, Stacey and Daly, Mark and others},
  journal={Genome research},
  volume={20},
  number={9},
  pages={1297--1303},
  year={2010},
  publisher={Cold Spring Harbor Lab}
}

@article{pena2021csvs,
  title={CSVS, a crowdsourcing database of the Spanish population genetic variability},
  author={Pe{\~n}a-Chilet, Mar{\'\i}a and Rold{\'a}n, Gema and Perez-Florido, Javier and Ortuno, Francisco M and Carmona, Rosario and Aquino, Virginia and Lopez-Lopez, Daniel and Loucera, Carlos and Fernandez-Rueda, Jose L and Gallego, Asuncion and others},
  journal={Nucleic acids research},
  volume={49},
  number={D1},
  pages={D1130--D1137},
  year={2021},
  publisher={Oxford University Press}
}

@article{de2024human,
  title={Human Ageing Genomic Resources: updates on key databases in ageing research},
  author={de Magalh{\~a}es, Jo{\~a}o Pedro and Abidi, Zoya and Dos Santos, Gabriel Arantes and Avelar, Roberto A and Barardo, Diogo and Chatsirisupachai, Kasit and Clark, Peter and De-Souza, Evandro A and Johnson, Emily J and Lopes, In{\^e}s and others},
  journal={Nucleic acids research},
  volume={52},
  number={D1},
  pages={D900--D908},
  year={2024},
  publisher={Oxford University Press}
}

@article{tacutu2012human,
  title={Human Ageing Genomic Resources: integrated databases and tools for the biology and genetics of ageing},
  author={Tacutu, Robi and Craig, Thomas and Budovsky, Arie and Wuttke, Daniel and Lehmann, Gilad and Taranukha, Dmitri and Costa, Joana and Fraifeld, Vadim E and De Magalhaes, Joao Pedro},
  journal={Nucleic acids research},
  volume={41},
  number={D1},
  pages={D1027--D1033},
  year={2012},
  publisher={Oxford University Press}
}

@article{drost2017biomartr,
  title={Biomartr: genomic data retrieval with R},
  author={Drost, Hajk-Georg and Paszkowski, Jerzy},
  journal={Bioinformatics},
  volume={33},
  number={8},
  pages={1216--1217},
  year={2017},
  publisher={Oxford University Press}
}

@article{lopes2012combined,
  title={A combined functional annotation score for non-synonymous variants},
  author={Lopes, Margarida C and Joyce, Chris and Ritchie, Graham RS and John, Sally L and Cunningham, Fiona and Asimit, Jennifer and Zeggini, Eleftheria},
  journal={Human heredity},
  volume={73},
  number={1},
  pages={47--51},
  year={2012},
  publisher={S. Karger AG Basel, Switzerland}
}

@article{thusberg2011performance,
  title={Performance of mutation pathogenicity prediction methods on missense variants},
  author={Thusberg, Janita and Olatubosun, Ayodeji and Vihinen, Mauno},
  journal={Human mutation},
  volume={32},
  number={4},
  pages={358--368},
  year={2011},
  publisher={Wiley Online Library}
}

@article{rentzsch2019cadd,
  title={CADD: predicting the deleteriousness of variants throughout the human genome},
  author={Rentzsch, Philipp and Witten, Daniela and Cooper, Gregory M and Shendure, Jay and Kircher, Martin},
  journal={Nucleic acids research},
  volume={47},
  number={D1},
  pages={D886--D894},
  year={2019},
  publisher={Oxford University Press}
}

@article{ng2003sift,
  title={SIFT: Predicting amino acid changes that affect protein function},
  author={Ng, Pauline C and Henikoff, Steven},
  journal={Nucleic acids research},
  volume={31},
  number={13},
  pages={3812--3814},
  year={2003},
  publisher={Oxford University Press}
}

@article{adzhubei2010method,
  title={A method and server for predicting damaging missense mutations},
  author={Adzhubei, Ivan A and Schmidt, Steffen and Peshkin, Leonid and Ramensky, Vasily E and Gerasimova, Anna and Bork, Peer and Kondrashov, Alexey S and Sunyaev, Shamil R},
  journal={Nature methods},
  volume={7},
  number={4},
  pages={248--249},
  year={2010},
  publisher={Nature Publishing Group US New York}
}

@article{adzhubei2013predicting,
  title={Predicting functional effect of human missense mutations using PolyPhen-2},
  author={Adzhubei, Ivan and Jordan, Daniel M and Sunyaev, Shamil R},
  journal={Current protocols in human genetics},
  volume={76},
  number={1},
  pages={7--20},
  year={2013},
  publisher={Wiley Online Library}
}

@article{liao2019webgestalt,
  title={WebGestalt 2019: gene set analysis toolkit with revamped UIs and APIs},
  author={Liao, Yuxing and Wang, Jing and Jaehnig, Eric J and Shi, Zhiao and Zhang, Bing},
  journal={Nucleic acids research},
  volume={47},
  number={W1},
  pages={W199--W205},
  year={2019},
  publisher={Oxford University Press}
}

@article{shen2020whole,
  title={Whole-genome sequencing of Chinese centenarians reveals important genetic variants in aging WGS of centenarian for genetic analysis of aging},
  author={Shen, Shuhua and Li, Chao and Xiao, Luwei and Wang, Xiaoming and Lv, Hang and Shi, Yuan and Li, Yixue and Huang, Qi},
  journal={Human Genomics},
  volume={14},
  pages={1--7},
  year={2020},
  publisher={Springer}
}

@article{byrska2022high,
  title={High-coverage whole-genome sequencing of the expanded 1000 Genomes Project cohort including 602 trios},
  author={Byrska-Bishop, Marta and Evani, Uday S and Zhao, Xuefang and Basile, Anna O and Abel, Haley J and Regier, Allison A and Corvelo, Andr{\'e} and Clarke, Wayne E and Musunuri, Rajeeva and Nagulapalli, Kshithija and others},
  journal={Cell},
  volume={185},
  number={18},
  pages={3426--3440},
  year={2022},
  publisher={Elsevier}
}

@article{samuels2016heterozygosity,
  title={Heterozygosity ratio, a robust global genomic measure of autozygosity and its association with height and disease risk},
  author={Samuels, David C and Wang, Jing and Ye, Fei and He, Jing and Levinson, Rebecca T and Sheng, Quanhu and Zhao, Shilin and Capra, John A and Shyr, Yu and Zheng, Wei and others},
  journal={Genetics},
  volume={204},
  number={3},
  pages={893--904},
  year={2016},
  publisher={Oxford University Press}
}